<?xml version="1.0" encoding="UTF-8"?><collection xmlns="http://www.loc.gov/MARC21/slim">  <record>    <leader>00614cam  22002051  450 </leader>    <controlfield tag="001">450981</controlfield>    <controlfield tag="005">20030517004400.0</controlfield>    <datafield tag="010" ind1=" " ind2=" ">      <subfield code="b">Brochado</subfield>    </datafield>    <datafield tag="095" ind1=" " ind2=" ">      <subfield code="a">PTBN00653291</subfield>    </datafield>    <datafield tag="100" ind1=" " ind2=" ">      <subfield code="a">19881117d1986    m  a0pory010305  ba</subfield>    </datafield>    <datafield tag="101" ind1="0" ind2=" ">      <subfield code="a">por</subfield>    </datafield>    <datafield tag="102" ind1=" " ind2=" ">      <subfield code="a">PT</subfield>    </datafield>    <datafield tag="200" ind1="1" ind2=" ">      <subfield code="a">UNIMARC</subfield>      <subfield code="e">Manual de operações</subfield>      <subfield code="f">Fernanda Maria Guedes de Campos, José Carlos Sottomayor</subfield>    </datafield>    <datafield tag="210" ind1=" " ind2=" ">      <subfield code="a">Lisboa</subfield>      <subfield code="c">Biblioteca Nacional,</subfield>      <subfield code="d">1986</subfield>    </datafield>    <datafield tag="215" ind1=" " ind2=" ">      <subfield code="a">1 pasta (pag. var.)</subfield>      <subfield code="d">32 cm</subfield>    </datafield>    <datafield tag="700" ind1=" " ind2="1">      <subfield code="a">Campos,</subfield>      <subfield code="b">Fernanda Maria Guedes de,</subfield>      <subfield code="f">1949-</subfield>    </datafield>    <datafield tag="701" ind1=" " ind2="1">      <subfield code="a">Sotomaior,</subfield>      <subfield code="b">José Carlos,</subfield>      <subfield code="f">1953-</subfield>      <subfield code="4">070</subfield>    </datafield>    <datafield tag="801" ind1=" " ind2="0">      <subfield code="a">PT</subfield>      <subfield code="b">BN</subfield>      <subfield code="g">RPC</subfield>    </datafield>    <datafield tag="998" ind1=" " ind2=" ">      <subfield code="a">MPA11-1</subfield>    </datafield>    <datafield tag="966" ind1=" " ind2=" ">      <subfield code="l">MPAA</subfield>      <subfield code="m">MPAA</subfield>      <subfield code="s">1622/M</subfield>    </datafield>  </record></collection>